<record><leader>00000cas a22000007a 4500</leader><controlfield tag="001">19033325</controlfield><controlfield tag="008">890118d19031915nyuwr ne      0    0eng d</controlfield><datafield ind1=" " ind2=" " tag="010"><subfield code="a">sn 89071216 </subfield></datafield><datafield ind1=" " ind2=" " tag="040"><subfield code="a">NYS</subfield><subfield code="b">eng</subfield><subfield code="c">NYS</subfield><subfield code="d">OCLCQ</subfield></datafield><datafield ind1=" " ind2=" " tag="042"><subfield code="a">msc</subfield></datafield><datafield ind1="0" ind2=" " tag="130"><subfield code="a">New age (Gorham, N.Y.)</subfield></datafield><datafield ind1="1" ind2="0" tag="245"><subfield code="a">New age.</subfield></datafield><datafield ind1=" " ind2=" " tag="260"><subfield code="a">Gorham, N.Y. :</subfield><subfield code="b">A.J. Deal</subfield></datafield><datafield ind1=" " ind2=" " tag="300"><subfield code="a">v.</subfield></datafield><datafield ind1=" " ind2=" " tag="310"><subfield code="a">Weekly</subfield></datafield><datafield ind1="1" ind2=" " tag="362"><subfield code="a">Began Sept. 30, 1903; ceased in Jan. 1915?</subfield></datafield><datafield ind1=" " ind2=" " tag="588"><subfield code="a">Description based on: Vol. 5, no. 1 (Oct. 15, 1906).</subfield></datafield><datafield ind1=" " ind2="4" tag="651"><subfield code="a">Gorham (N.Y.)</subfield><subfield code="v">Newspapers.</subfield></datafield><datafield ind1=" " ind2=" " tag="752"><subfield code="a">United States</subfield><subfield code="b">New York</subfield><subfield code="c">Ontario</subfield><subfield code="d">Gorham.</subfield></datafield><datafield ind1="0" ind2="7" tag="785"><subfield code="t">Rushville chronicle</subfield><subfield code="w">(DLC)sn 84031153</subfield></datafield><datafield ind1="0" ind2="7" tag="785"><subfield code="t">Rushville chronicle and Gorham new age</subfield><subfield code="w">(DLC)sn 84031426</subfield></datafield></record>